
@inproceedings{Harris,
  author = {C. Harris, M. Stephens},
  title = {A Combined Corner and Edge Detector},
  year = {1988},
  booktitle = {Alvey Vision Conference},
  file = F
}

@TECHREPORT{Tomasi91,
    author = {Carlo Tomasi and Takeo Kanade},
    title = {Detection and Tracking of Point Features},
    institution = {International Journal of Computer Vision},
    year = {1991}
}

@ARTICLE{StructureTensor,
  author = {M. Kass, A. Witkin},
  title = {Analyzing oriented patterns},
  year = {1987},
  journal = {Computer Vision, Graphics, and Image Processing},
	number = {37},
	pages = {362-385},
  file = F	
}

@phdthesis{Moravec1980,
 author = {Moravec, Hans Peter},
 title = {Obstacle Avoidance and Navigation in the Real World by a Seeing Robot Rover},
 year = {1980},
 note = {AAI8024717},
 publisher = {Stanford University},
 address = {Stanford, CA, USA},
} 
@ARTICLE{CircleData1,
  author = {J. Bioucas-Dias, V. Katkovnik, J. Astola, K. Egiazarian},
  title = {Absolute phase estimation: adaptive local denoising and global unwrapping},
  year = {2008},
  journal = {Applied Optics},
	number = {47},
	pages = {5358-5369},
  file = F	
}
@ARTICLE{CircleData2,
  author = {C.-A. Deledalle, L. Denis, F. Tupin},
  title = {NL-InSAR: Nonlocal interferogram estimation},
  year = {2011},
  journal = {IEEE Transactions on Geoscience Remote Sensing},
	number = {49},
	pages = {1441-1452},
  file = F
}

@ARTICLE{CircleData3,
  author = {R. Bergmann, F. Laus, G. Steidl, A. Weinmann},
  title = {Second order differences of cyclic data and applications in variational denoising},
  year = {2014},
  journal = {SIAM Journal on Imaging Sciences},
	number = {7},
	pages = {2916-2953},
  file = F
}

@ARTICLE{SphereData1,
  author = {R. Kimmel, N. Sochen},
  title = {Orientation diffusion or how to comb a porcupine},
  year = {2002},
  journal = {Journal of Visual Communication and Image Representation},
	number = {13},
	pages = {238-248},
  file = F
}

@ARTICLE{SphereData2,
  author = {L. A. Vese, S. J. Osher},
  title = {Numerical methods for p-harmonic flows and applications to image processing},
  year = {2002},
  journal = {SIAM Journal on Numerical Analysis},
	number = {40},
	pages = {2085-2104},
  file = F
}

@ARTICLE{SphereData3,
  author = {T. F. Chan, S. Kang, J. Shen},
  title = {Total variation denoising and enhancement of color images based on the CB and HSV color models},
  year = {2001},
  journal = {Journal of Visual Communication and Image Representation},
	number = {12},
	pages = {422-435},
  file = F
}

@ARTICLE{SO3Data1,
  author = {F. Bachmann, R. Hielscher, H. Schaeben},
  title = {Grain detection from 2d and 3d EBSD data - Specification of the MTEX algorithm},
  year = {2011},
  journal = {Ultramicroscopy},
	number = {111},
	pages = {1720-1733},
  file = F
}

@ARTICLE{SO3Data2,
  author = {R. Bergmann, R. H. Chan, R. Hielscher, J. Persch, G. Steidl},
  title = {Restoration of manifold-valued images by half-quadratic minimization},
  year = {2016},
  journal = {Inverse Problems in Imaging},
	number = {10},
	pages = {281-304},
  file = F
}

@ARTICLE{SPDMatrixData1,
  author = {C. Chefd’Hotel, D. Tschumperle, R. Deriche, O. Faugeras},
  title = {Regularizing flows for constrained matrix-valued images},
  year = {2004},
  journal = {Journal of Mathematical Imaging and Vision},
	number = {20},
	pages = {147-162},
  file = F
}

@inproceedings{SPDMatrixData2,
  author = {P. T. Fletcher, S. J.},
  title = {Principal geodesic analysis on symmetric spaces: Statistics of diffusion tensors},
  year = {2004},
  booktitle = {Computer Vision and Mathematical Methods in Medical and Biomedical Image Analysis},
	volume = {3117},
	pages = {87-98},
	publisher = {Springer},
  file = F
}

@inproceedings{SPDMatrixData3,
  author = {O. Tuzel, F. Porikli, P. Meer},
  title = {Learning on Lie groups for invariant detection and tracking},
  year = {2008},
  booktitle = {CVPR 2008},
	pages = {1-8},
	publisher = {IEEE},
  file = F
}

@article{TangentProc,
author = {Azencot, Omri and Ben‐Chen, Mirela and Chazal, Frédéric and Ovsjanikov, Maks},
year = {2013},
month = {08},
pages = {},
title = {An Operator Approach to Tangent Vector Field Processing},
volume = {32},
journal = {Computer Graphics Forum},
doi = {10.1111/cgf.12174}
}

@inproceedings{VectorProc,
author = {Goes, Fernando and Desbrun, Mathieu and Tong, Yiying},
year = {2015},
month = {11},
pages = {},
title = {Vector field processing on triangle meshes},
doi = {10.1145/2818143.2818167}
}

@inproceedings{Montesinos98,
 author = {Montesinos, P and Gouet, V and Deriche, R},
 title = {Differential Invariants for Color Images},
 booktitle = {Proceedings of the 14th International Conference on Pattern Recognition-Volume 1 - Volume 1},
 series = {ICPR '98},
 year = {1998},
 isbn = {0-8186-8512-3},
 url = {http://dl.acm.org/citation.cfm?id=839289.842413},
 acmid = {842413},
 publisher = {IEEE Computer Society},
 address = {Washington, DC, USA},
} 

@article{Montesinos2000,
author = {Montesinos, Philippe and Gouet, Valérie and Deriche, R. and Pelé, Danielle},
year = {2000},
month = {06},
pages = {659-671},
title = {Matching color uncalibrated images using differential invariants},
volume = {18},
journal = {Image Vision Comput.}
}

@inbook{qsar,
author = {Baskin, Igor and Varnek, Alexandre},
year = {2009},
month = {05},
pages = {1-43},
title = {ChemInform Abstract: Fragment Descriptors in SAR/QSAR/QSPR Studies, Molecular Similarity Analysis and in Virtual Screening},
volume = {40},
isbn = {978-0-85404-133-2},
journal = {ChemInform},
doi = {10.1002/chin.200920272}
}

@article{molecular,
author = {Connolly, M. L.},
title = {Analytical molecular surface calculation},
journal = {Journal of Applied Crystallography},
volume = {16},
number = {5},
pages = {548-558},
year = {1983}
}

@article{bag,
author = {Csurka, Gabriela and Dance, Christopher and Fan, Lixin and Willamowski, Jutta and Bray, Cédric},
year = {2004},
month = {01},
pages = {},
title = {Visual categorization with bags of keypoints},
volume = {Vol. 1},
journal = {Work Stat Learn Comput Vision, ECCV}
}

@InProceedings{GradLeastSQR,
author="Barth, T. J.",
editor="Napolitano, M.
and Sabetta, F.",
title="A 3-D least-squares upwind Euler solver for unstructured meshes",
booktitle="Thirteenth International Conference on Numerical Methods in Fluid Dynamics",
year="1993",
publisher="Springer Berlin Heidelberg",
address="Berlin, Heidelberg",
pages="240--244",
isbn="978-3-540-47551-4"
}

@article{CovariantCalc,
author = {Liu, B. and Tong, Yiying and Goes, Fernando and Desbrun, Mathieu},
year = {2016},
month = {03},
pages = {},
title = {Discrete Connection and Covariant Derivative for Vector Field Analysis and Design},
volume = {35},
journal = {ACM Transactions on Graphics},
doi = {10.1145/2870629}
}